@Article{BPC16,
author={Bordier, C{\'e}lia
and Pioz, Maryline
and Crauser, Didier
and Le Conte, Yves
and Alaux, C{\'e}dric},
title={Should I stay or should I go: honeybee drifting behaviour as a function of parasitism},
journal={Apidologie},
year={2017},
volume={48},
number={3},
pages={286-297}
}

@article{BGT14,
author = {Becher, Matthias A. and Grimm, Volker and Thorbek, Pernille and Horn, Juliane and Kennedy, Peter J. and Osborne, Juliet L.},
title = {BEEHAVE: a systems model of honeybee colony dynamics and foraging to explore multifactorial causes of colony failure},
journal = {Journal of Applied Ecology},
volume = {51},
number = {2},
pages = {470-482},
keywords = {Apis mellifera, colony decline, cross-level interactions, feedbacks, foraging, modelling, multiple stressors, multi-agent simulation, predictive systems ecology, Varroa destructor}, 
year = {2014}
}

@article{BDP18,
author = {Becher, Matthias and Twiston-Davies, Grace and Penny, Tim and Goulson, Dave and Rotheray, Ellen and Osborne, Juliet},
year = {2017},
pages = {},
title = {Bumble‐BEEHAVE: A systems model for exploring multifactorial causes of bumblebee decline at individual, colony, population and community level},
volume = {55},
journal = {Journal of Applied Ecology}
}

@article{BDO91,
author = {Bromenshenk, Jerry J. and Doskocil, Jiri and Olbu, Gerald J. and Degrandi-Hoffman, Gloria and Roth, Stephan A.},
title = {PC BEEPOP, an ecotoxicological simulation model for honey bee populations},
journal = {Environmental Toxicology and Chemistry},
volume = {10},
number = {4},
pages = {547-558},
keywords = {Populations, Chemical toxicity, Hazard assessment},
year = {1991}
}

@article{Alt92,
 abstract = {Nonparametric regression is a set of techniques for estimating a regression curve without making strong assumptions about the shape of the true regression function. These techniques are therefore useful for building and checking parametric models, as well as for data description. Kernel and nearest-neighbor regression estimators are local versions of univariate location estimators, and so they can readily be introduced to beginning students and consulting clients who are familiar with such summaries as the sample mean and median.},
 author = {N. S. Altman},
 journal = {The American Statistician},
 number = {3},
 pages = {175--185},
 publisher = {[American Statistical Association, Taylor \& Francis, Ltd.]},
 title = {An Introduction to Kernel and Nearest-Neighbor Nonparametric Regression},
 volume = {46},
 year = {1992}
}

@article{BTO13,
author = {Becher, Matthias A. and Osborne, Juliet L. and Thorbek, Pernille and Kennedy, Peter J. and Grimm, Volker},
title = {REVIEW: Towards a systems approach for understanding honeybee decline: a stocktaking and synthesis of existing models},
journal = {Journal of Applied Ecology},
volume = {50},
number = {4},
pages = {868-880},
keywords = {Apis mellifera, colony decline, feedbacks, integrated model, multiple stressors, predictive systems ecology, review},
year = {2013}
}

@article{DBB07,
author = {Danuso, Francesco and Barbattini, Renzo and Bernardinelli, Iris and D'Agaro, Mauro and Piccolo, Fabio and Medrzycki, Piotr and Sabatini, Anna and Sgolastra, Fabio and Manca, Mariano and Floris, Ignazio},
year = {2007},
pages = {101-104},
title = {Apipop: an integrated model for honeybee population dynamics and hive management.},
volume = {90},
journal = {Redia}
}

@article{DFG15,
  title={Overwintering honey bees: biology and management.},
  author={Mehmet Ali D{\"o}ke and Maryann T. Frazier and Christina M. Grozinger},
  journal={Current opinion in insect science},
  year={2015},
  volume={10},
  pages={185-193}
}

@article{EFSA15,
author = {{ EFSA Panel on Plant Protection Products and their Residues (PPR) }},
title = {Statement on the suitability of the BEEHAVE model for its potential use in a regulatory context and for the risk assessment of multiple stressors in honeybees at the landscape level},
journal = {EFSA Journal},
volume = {13},
number = {6},
pages = {4125},
keywords = {BEEHAVE, modelling, good modelling practice, pesticides, risk assessment, multiple stressors},
year = {2015}
}

@article{EFSA17a,
author = {{ EFSA Panel on Animal Health and Welfare (AHAW) }},
title = {Assessing the health status of managed honeybee colonies (HEALTHY-B): a toolbox to facilitate harmonised data collection},
journal = {EFSA Journal},
volume = {14},
number = {10},
pages = {e04578},
keywords = {Honeybee, colony, health, field, attribute, indicator, toolbox},
year = {2016}
}

@article{EFSA17b,
author = {{ EFSA Panel on Animal Health and Welfare (AHAW) } and More, Simon and Bøtner, Anette and Butterworth, Andrew and Calistri, Paolo and Depner, Klaus and Edwards, Sandra and Garin-Bastuji, Bruno and Good, Margaret and Gortázar Schmidt, Christian and Michel, Virginie and Miranda, Miguel Angel and Nielsen, Søren Saxmose and Raj, Mohan and Sihvonen, Liisa and Spoolder, Hans and Stegeman, Jan Arend and Thulke, Hans-Hermann and Velarde, Antonio and Willeberg, Preben and Winckler, Christoph and Baldinelli, Francesca and Broglia, Alessandro and Candiani, Denise and Beltrán-Beck, Beatriz and Kohnle, Lisa and Bicout, Dominique},
title = {Assessment of listing and categorisation of animal diseases within the framework of the Animal Health Law (Regulation (EU) No 2016/429): Border disease},
journal = {EFSA Journal},
volume = {15},
number = {10},
pages = {e04993},
keywords = {Border disease, hairy shaker disease, BDV, Animal Health Law, listing, categorisation, impact},
year = {2017}
}

@article{EFSA18,
author = {European Food Safety Authority (EFSA)},
title = {Peer review of the pesticide risk assessment for bees for the active substance clothianidin considering the uses as seed treatments and granules},
journal = {EFSA Journal},
volume = {16},
number = {2},
pages = {e05177},
keywords = {neonicotinoid, clothianidin, peer review, risk assessment, pesticide, insecticide},
year = {2018}
}

@article{FeS06,
author = {Fefferman, Nina and Starks, P.},
year = {2006},
pages = {37-45},
title = {A modeling approach to swarming in honey bees (Apis mellifera)},
volume = {53},
journal = {Insectes Sociaux}
}

@Article{FuO77,
author={Fukuda, Hiromi
and Ohtani, Takeshi},
title={Survival and life span of drone honeybees},
journal={Researches on Population Ecology},
year={1977},
volume={19},
number={1},
pages={51-68}
}

@article{FuS68,
author = {Fukuda, Hiromi and Sakagami, Shôichi F.},
title = {Worker brood survival in honeybees},
journal = {Population Ecology},
volume = {10},
number = {1},
pages = {31-39},
keywords = {Social Insect, Immature Stage, Observation Area, Adult Worker, Observation Hive},
year = {1968}
}

@article{HoC05,
author = {Degrandi-Hoffman, Gloria and Curry, R.},
year = {2005},
pages = {592-595},
title = {The population dynamics of Varroa mites in honey bee colonies: Part I - The VARROAPOP program},
volume = {145},
journal = {American Bee Journal}
}

@article{DRL89,
title = "BEEPOP: A honeybee population dynamics simulation model",
journal = "Ecological Modelling",
volume = "45",
number = "2",
pages = "133 - 150",
year = "1989",
author = "G. DeGrandi-Hoffman and S.A. Roth and G.L. Loper and E.H. Erickson",
abstract = "BEEPOP is a computer model that simulates honey bee colony population dynamics. Estimates of population size and composition (i.e., proportions of workers and drones) at time (t) are based upon initial colony population size, weather conditions, reproductive potential of the queen, and forager longevity. Results of a sensitivity analysis indicate that the queen's egg-laying potential has the greatest effect on colony population size. Yearly trends in population growth and age structure generated from simulations are also discussed."
}


@misc{IPC18,
           title = {Technical Summary: Global warming of 1.5 \textdegree{}C. An IPCC Special  Report  on  the  impacts  of  global  warming  of  1.5 \textdegree{}C above pre-industrial levels and related global greenhouse gas  emission pathways, in the context of strengthening the global response to the threat of climate change, sustainable development, and efforts to eradicate poverty},
          author = {M. Allen and P. Antwi-Agyei and F. Aragon-Durand and M. Babiker and P. Bertoldi and M. Bind and S. Brown and M. Buckeridge and I. Camilloni and A. Cartwright and W. Cramer and P. Dasgupta and A. Diedhiou and R. Djalante and W. Dong and K.L. Ebi and F. Engelbrecht and S. Fifita and J. Ford and S. Fu{\ss} and B. Hayward and J.-C. Hourcade and V. Ginzburg and J. Guiot and C. Handa and Y. Hijioka and S. Humphreys and M. Kainuma and J. Kala and M. Kanninen and H. Kheshgi and S. Kobayashi and E. Kriegler and D. Ley and D. Liverman and N. Mahowald and R. Mechler and S. Mehrotra and Y. Mulugetta and L. Mundaca and P. Newman and C. Okereke and A. Payne and R. Perez and P.F. Pinho and A. Revokatova and K. Riahi and S. Schultz and R. Seferian and S. Seneviratne and L. Steg and A.G. Rogriguez and T. Sugiyama and A. Thonas and M.V. Vilarino and M. Wairiu and R. Warren and G. Zhou and K. Zickfeld},
       publisher = {Intergovernmental Panel on Climate Change},
            year = {2019},
             url = {http://pure.iiasa.ac.at/id/eprint/15716/},
             note = {Tikrinta 2020-04-25}
}



@article{YYY19,
author = {Yamada, Yasuhiro and Yamada, Toshiro and Yamada, Kazuko},
year = {2019},
pages = {Article number: 4102 (2019)},
title = {A mathematical model to estimate the seasonal change in apparent longevity of bee colony},
volume = {9},
journal = {Scientific Reports},
}

@article{JMB06,
    author = {Janson, Stefan and Middendorf, Martin and Beekman, Madeleine},
    title = "{Searching for a new home—scouting behavior of honeybee swarms}",
    journal = {Behavioral Ecology},
    volume = {18},
    number = {2},
    pages = {384-392},
    year = {2006}
}

@article{Kavaliauskas_2013, 
title={Dirbtinės bičių kolonijos algoritmai ir jų taikymai maršrutų optimizavimo uždaviniams spręsti},
publisher={Siauliai University},
author={Kavaliauskas, Donatas},
year={2013}}

@article{KBM13,
    author = {Khoury, David S. AND Barron, Andrew B. AND Myerscough, Mary R.},
    journal = {PLOS ONE},
    publisher = {Public Library of Science},
    title = {Modelling Food and Population Dynamics in Honey Bee Colonies},
    year = {2013},
    volume = {8},
    pages = {1-7},
    number = {5}
}


@inproceedings{KRT09,
  title={Lietuvos bitynai: dabartis ir ateities vizija},
  author={Justinas Kretavi{\vc}ius and Jurgis Ra{\vc}ys and Diana Tama{\vs}auskienė},
  year={2010}
}

@article{LHC16,
    author = {Jacques, Antoine AND Laurent, Marion AND EPILOBEE Consortium AND Ribière-Chabert, Magali AND Saussac, Mathilde AND Bougeard, Stéphanie AND Budge, Giles E. AND Hendrikx, Pascal AND Chauzat, Marie-Pierre},
    journal = {PLOS ONE},
    publisher = {Public Library of Science},
    title = {A pan-European epidemiological study reveals honey bee colony survival depends on beekeeper education and disease control},
    year = {2017},
    volume = {12},
    pages = {1-17},
    number = {3}
}

@article{MAR01,
author = {Martin, Stephen J.},
title = {The role of Varroa and viral pathogens in the collapse of honeybee colonies: a modelling approach},
journal = {Journal of Applied Ecology},
volume = {38},
number = {5},
pages = {1082-1093},
keywords = {Apis mellifera, bee viruses, colony collapse, disease, Varroa destructor, Varroa jacobsoni},
year = {2001}
}

@article{NoD17,
author = {Iv, Maxcy and Delaplane, Keith},
year = {2016},
pages = {},
title = {Distance Between Honey Bee Apis mellifera Colonies Regulates Populations of Varroa destructor at a Landscape Scale},
volume = {48},
journal = {Apidologie},
}

@Article{PfC98,
author={Pfeiffer, K. J.
and Crailsheim, K.},
title={Drifting of honeybees},
journal={Insectes Sociaux},
year={1998},
volume={45},
number={2},
pages={151-167}
}


@article{RBT17,
author = {Rumkee, Jack and Becher, Matthias and Thorbek, Pernille and Osborne, Juliet},
year = {2017},
pages = {},
title = {Modeling Effects of Honeybee Behaviors on the Distribution of Pesticide in Nectar within a Hive and Resultant in-Hive Exposure},
volume = {51},
journal = {Environmental Science \& Technology},
}

@article{ScC07,
author = {Schmickl, Thomas and Crailsheim, Karl},
year = {2007},
pages = {219-245},
title = {HoPoMo: A model of honeybee intracolonial population dynamics and resource management},
volume = {204},
journal = {Ecological Modelling}
}

@article{SCT17,
title = "Modelling seasonal effects of temperature and precipitation on honey bee winter mortality in a temperate climate",
journal = "Science of The Total Environment",
volume = "579",
pages = "1581 - 1587",
year = "2017",
author = "Matthew Switanek and Karl Crailsheim and Heimo Truhetz and Robert Brodschneider",
keywords = ", Weather, Climate variability, Climate change, Honey bee, Epidemiology"
}

@article{VSP06,
author = {Visscher, P. and Seeley, Thomas and Passino, Kevin},
year = {2006},
pages = {},
title = {Group Decision Making in Honey Bee Swarms},
volume = {94},
journal = {American Scientist - AMER SCI}
}

@article{SeB99,
author = {Seeley, Thomas and Buhrman, Susannah},
year = {1999},
pages = {19-31},
title = {Group decision making in swarms of honey bees},
volume = {45},
journal = {Behavioral Ecology and Sociobiology}
}

@book{See10,
  title={Honeybee Democracy},
  author={Seeley, T.D.},
  year={2010},
  publisher={Princeton University Press}
}

@article{SeS15,
author = {Seeley, Thomas and Smith, Michael},
year = {2015},
pages = {},
title = {Crowding honeybee colonies in apiaries can increase their vulnerability to the deadly ectoparasite Varroa destructor},
volume = {46},
journal = {Apidologie}
}

@article{TRR15,
    author = {Torres, David J. AND Ricoy, Ulises M. AND Roybal, Shanae},
    journal = {PLOS ONE},
    publisher = {Public Library of Science},
    title = {Modeling Honey Bee Populations},
    year = {2015},
    volume = {10},
    pages = {1-28},
    number = {7}
}

@Article{VMS85,
author={Visscher, P. K.
and Morse, R. A.
and Seeley, T. D.},
title={Honey bees choosing a home prefer previously occupied cavities},
journal={Insectes Sociaux},
year={1985},
volume={32},
number={2},
pages={217-220}
}

@misc{VMVT18,
    title={Bičių laikytojams – supaprastinti reikalavimai},
    howpublished={\url{http://vmvt.lt/naujienos/biciu-laikytojams-supaprastinti-reikalavimai}},
    year={2004}, 
    note={Tikrinta 2020-04-25},
    publisher={Valstybinė maisto ir veterinarijos tarnyba}
}

@misc{Oli15,
    author={Randy Oliver},
    title={Understanding Colony Buildup and Decline – Part 7b Minimizing Swarming},
    howpublished={\url{http://scientificbeekeeping.com/understanding-colony-buildup-and-decline-part-7b}},
    year={2015}, 
    note={Tikrinta 2020-04-24}
}


@article{MTD19,
author = {Manley, Robyn and Temperton, Ben and Doyle, Toby and Gates, Daisy and Hedges, Sophie and Boots, Michael and Wilfert, Lena},
year = {2019},
pages = {},
title = {Knock‐on community impacts of a novel vector: spillover of emerging DWV‐B from Varroa‐infested honeybees to wild bumblebees},
journal = {Ecology Letters}
}


@article{BWZ16,
author = {Betti, M.I. and Wahl, L.M. and Zamir, M.},
year = {2016},
pages = {},
title = {Age structure is critical to the population dynamics and survival of honeybee colonies},
volume = {3},
journal = {Royal Society Open Science}
}


@article{FSR11,
author = {Frey, Eva and Schnel, Hanna and Rosenkranz, Peter},
year = {2011},
pages = {138-144},
title = {Invasion of Varroa destructor mites into mite-free honey bee colonies under controlled conditions of a military training area},
volume = {50},
journal = {Journal of Apicultural Research}
}

@article{ABK19,
author = {Aslan, Selcuk and Badem, Hasan and Karaboga, Dervis},
year = {2019},
pages = {},
title = {Improved quick artificial bee colony (iqABC) algorithm for global optimization},
volume = {23},
journal = {Soft Computing},
}

@article{KaG14,
author = {Karaboga, Dervis and Gorkemli, Beyza},
year = {2014},
pages = {227–238},
title = {A quick artificial bee colony (qABC) algorithm and its performance on optimization problems},
volume = {23},
journal = {Applied Soft Computing}
}

@article{MBB11,
author = {Misevičius, Alfonsas and Blonskis, Jonas and Bukšnaitis, Vytautas},
year = {2011},
pages = {163-173},
title = {Bičių spiečių imitavimas sprendžiant optimizavimo uždavinius},
volume = {56},
journal = {Informacijos mokslai}
}

@article{CLZ14,
  title={Problem definition and evaluation criteria for CEC 2015 special session and competition on bound constrained single-objective computationally expensive numerical optimization},
  author={Chen, Q and Liu, B and Zhang, Q and Liang, JJ and Suganthan, PN and Qu, BY},
  journal={Computational Intelligence Laboratory, Zhengzhou University, China and Nanyang Technological University, Singapore, Technical report},
  volume={178},
  year={2014}
}

@article{MLK15,
author = {Mernik, Marjan and Liu, Shih-hsi and Karaboga, Dervis and repinšek, Matej},
year = {2015},
pages = {115–127},
title = {On clarifying misconceptions when comparing variants of the Artificial Bee Colony Algorithm by offering a new implementation},
volume = {291},
journal = {Information Sciences},
}

@Article{KaB07,
author={Karaboga, Dervis
and Basturk, Bahriye},
title={A powerful and efficient algorithm for numerical function optimization: artificial bee colony (ABC) algorithm},
journal={Journal of Global Optimization},
year={2007},
volume={39},
number={3},
pages={459-471}
}

@article{FNF15,
author = {Forfert, Nadège and Natsopoulou, Myrsini and Frey, Eva and Rosenkranz, Peter and Paxton, Robert and Moritz, Robin},
year = {2015},
pages = {e0140337},
title = {Parasites and Pathogens of the Honeybee (Apis mellifera) and Their Influence on Inter-Colonial Transmission},
volume = {10},
journal = {PloS one},
}

@book{Kar00,  
    author={Karosas, Pranciškus},
    title={Bitininkystė kiekvienam},
    publisher={Ūkininko patarėjas},
    year={2000},
    address={Kaunas, Lietuva},
    note={14 p.},
    langid={lithuanian},
}

@article{Wil45,
 author = {Frank Wilcoxon},
 journal = {Biometrics Bulletin},
 number = {6},
 pages = {80-83},
 publisher = {[International Biometric Society, Wiley]},
 title = {Individual Comparisons by Ranking Methods},
 volume = {1},
 year = {1945}
}

@misc{Wui17, author = "Romain Wuilbercq",
year = 2017,
title = "Hive, an Artificial Bee Colony Optimization in Python",
howpublished={\url{http://scientificbeekeeping.com/understanding-colony-buildup-and-decline-part-7b}},
note={Tikrinta 2020-05-24}
}

@misc{Veg20, author = "Vėgėlė, Vytautas",
year = 2020,
title = "Bitininkystės procesų modeliavimo talpykla",
howpublished={\url{https://github.com/vytautasvegele/vv_mtd}},
note={Tikrinta 2020-05-24}
}

@book{Sch81,  
    author={Schwefel, H.-P.},
    title={Numerical optimization of computer models},
    publisher={Wiley\&Sons},
    year={1981},
    address={Chichester}
}

@article{PvzStraipsnLt,
    author={A. Pavardenis and B. Pavardonis and C. Pavardauskas},
    title={Straipsnio pavadinimas},
    journal={Žurnalo pavadinimas},
    year={2001},
    volume={IV},
    pages={8-17},
} 

@article{PvzStraipsnEn,
    author={A. Surname and B. Tsurname and C. Usurname},
    title={Article Title},
    journal={Journal Title},
    year={2001},
    volume={IV},
    pages={3-15},
    langid={english},
} 




@inproceedings{PvzKonfLt,
    author={A. Pavardenis and B. Pavardonis and C. Pavardauskas and D. Pavardinskas},
    title={Straipsnio pavadinimas},
    booktitle={Rinkinio pavadinimas},
    year={2002},
    publisher={Leidykla},
    address={Miestas, šalis},
    pages={3-15},
}

@inproceedings{PvzKonfEn,
    author={A. Surname and B. Tsurname and C. Usurname and D. Vsurname},
    title={Article title},
    booktitle={Conference book title},
    year={2002},
    publisher={Publisher},
    address={City, country},
    pages={3-15},
    langid={english},
}

@book{PvzKnygLt,  
    author={A. Pavardenis and B. Pavardonis and C. Pavardauskas},
    title={Knygos pavadinimas},
    publisher={Leidykla},
    year={2003},
    address={Miestas, šalis},
    note={172 psl.},
}

@book{PvzKnygEn,  
    author={A. Surname and B. Tsurname and C. Usurname},
    title={Book title},
    publisher={Publisher},
    year={2003},
    address={City, country},
    note={172 p.},
    langid={english},
}

@misc{PvzElPubLt,
    author={A. Pavardenis and B. Pavardonis and C. Šavardauskas},
    title={Elektroninės publikacijos pavadinimas},
    howpublished={\url{http://example.com/kelias/iki/straipsnio.pdf}},
    year={2004}, 
    note={45 KB, tikrinta 2015-02-01},
}

@misc{PvzElPubEn,
    author={A. Surname and B. Tsurname and C. Usurname},
    title={Online Source Title},
    howpublished={\url{http://example.com/path/to/the/article.pdf}},
    year={2004}, 
    note={45 KB, accessed 2015-02-01.},
    langid={english},
}

@mastersthesis{PvzMagistrLt,
    author={A. Pavardonis},
    title={Magistrinio darbo pavadinimas},
    school={Universiteto pavadinimas},
    year={2005},
}

@phdthesis{PvzPhdEn,
    author={A. Surname},
    title={Ttitle of PhD thesis},
    school={Title of university},
    year={2005},
    langid={english},
}
